@MISC{bluetooth:sig4,
    AUTHOR = "\mbox{Bluetooth, SIG}",
	TITLE = "Bluetooth Core Specification v4.0.30",
	HOWPUBLISHED = {\url{https://www.bluetooth.org/Technical/Specifications/adopted.htm}},
	MONTH = {June},
	YEAR = {2010}
}

@MISC{bluetooth:sig2,
	AUTHOR = "\mbox{Bluetooth, SIG}",
	TITLE = "Bluetooth Core Specification v1.0 - 2.1+EDR",
	HOWPUBLISHED = {\url{https://www.bluetooth.org/Technical/Specifications/adopted.htm}},
	YEAR = {1997-2007}
}

@ARTICLE{bau:mitchell, 
	AUTHOR = {Bau, J. and Mitchell, J.C.}, 
	JOURNAL = {Security Privacy, IEEE}, 
	TITLE = {Security Modeling and Analysis}, 
	YEAR = {May-June}, 
	VOLUME = {9}, 
	NUMBER = {3}, 
	PAGES = {18-25}
}

@INPROCEEDINGS{sandhya:devi, 
	AUTHOR = {Sandhya, S. and Devi, K.A.S.}, 
	BOOKTITLE = {Computing, Communication and Applications (ICCCA), 2012 International Conference}, 
	TITLE = {Analysis of Bluetooth threats and v4.0 security features}, 
	YEAR = {Feb.}, 
	PAGES = {1-4}
}

@ARTICLE{phan:mingard,
	AUTHOR = {Phan, RaphaelC.-W. and Mingard, Patrick},
	YEAR = {2012},
	JOURNAL = {Wireless Personal Communications},
	VOLUME = {64},
	ISSUE = {4},
	TITLE = {Analyzing the Secure Simple Pairing in Bluetooth v4.0},
	PUBLISHER = {Springer US},
	PAGES = {719-737}
}

@ARTICLE{dolev:yao, 
	AUTHOR = {Dolev, D. and Yao, Andrew C.}, 
	JOURNAL = {Information Theory, IEEE Transactions}, 
	TITLE = {On the security of public key protocols}, 
	YEAR = {March}, 
	VOLUME = {29}, 
	NUMBER = {2}, 
	PAGES = {198-208}
}

@INPROCEEDINGS{chang:shmatikov, 
	AUTHOR = {Chang, R. and Shmatikov, V.}, 
	BOOKTITLE = {Proceedings of LICS/ICALP workshop on foundations of computer security and automated reasoning for security protocol analysis (FCS-ARSPA â07)}, 
	TITLE = {Formal analysis of authentication in bluetooth device pairing}, 
	YEAR = {July}
}

@INPROCEEDINGS{manish:1,
	AUTHOR = {Manish Shrivastava}, 
	BOOKTITLE = {IJCAR}, 
	VOLUME = {1},
	TITLE = {Analysis of Security Risks in Bluetooth}, 
	YEAR = {December}, 
	PAGES = {88-95}
}

@ARTICLE{dunning:1, 
	AUTHOR = {John Paul Dunning}, 
	JOURNAL = {Security \& Privacy, IEEE}, 
	TITLE = {Taming the blue beast: A Survey of Bluetooth- Based Threats},
	YEAR = {2010}
}

@MASTERSTHESIS{mingard:1, 
	AUTHOR = {Mingard, P}, 
	TITLE = {Elliptic Curve based Diffie-Hellman in Bluetooth v2.1},
	YEAR = {2007},
	SCHOOL = {EPFL, Switzerland},
	TYPE = {Master of Computer Science Semester Project Thesis}
}

@ARTICLE{diffie:oorschot,
	AUTHOR = {Diffie, Whitfield and Van Oorschot, Paul C. and Wiener, Michael J.},
	TITLE = {Authentication and authenticated key exchanges},
	JOURNAL = {Des. Codes Cryptography},
	ISSUE_DATE = {June 1992},
	VOLUME = {2},
	NUMBER = {2},
	MONTH = jun,
	YEAR = {1992},
	PAGES = {107--125},
	PUBLISHER = {Kluwer Academic Publishers},
	ADDRESS = {Norwell, MA, USA}
} 

@INPROCEEDINGS{haataja:toivanen, 
	AUTHOR = {Haataja, K. and Toivanen, P.}, 
	BOOKTITLE = {Wireless Communications, Networking and Mobile Computing, 2008. WiCOM 08. 4th International Conference on}, 
	TITLE = {Practical Man-in-the-Middle Attacks Against Bluetooth Secure Simple Pairing}, 
	MONTH = {October}, 
	PAGES = {1-5},
	YEAR = {2008}
}

@BOOK{menezes:oorschot,
	AUTHOR = {Menezes, A. J. and Oorschot, P. C. and Vanstone, S. A.},
	YEAR = {1997},
	TITLE = {Handbook of Applied Cryptography},
	PUBLISHER = {BocaRaton: CRC Press}
}

@INPROCEEDINGS{just:vaudenay, 
	AUTHOR = {Just, M. \& Vaudenay, S.}, 
	BOOKTITLE = {In Advances in Cryptology, Asiacrypt 96, LNCS 1163}, 
	TITLE = {Authenticated multi-party key agreement}, 
	PAGES = {36-49},
	YEAR = {1996}
}

@INPROCEEDINGS{lindell:1, 
	AUTHOR = {Lindell, A.}, 
	BOOKTITLE = {BlackHat Briefings, Las Vegas.}, 
	TITLE = {Bluetooth v2.1â A New Security Infrastructure and New Vulnerabilities.}, 
	YEAR = {2008}
}

@INPROCEEDINGS{lindell:2, 
	AUTHOR = {Lindell, A.}, 
	BOOKTITLE = {CSI â08, Maryland}, 
	TITLE = {Attacks on Password Pairing in Bluetooth v2.1}, 
	YEAR = {2008}
}

@INPROCEEDINGS{kuo:walker, 
	AUTHOR = {Kuo, C. and Walker, J. and Perrig, A.}, 
	BOOKTITLE = {Proceedings of International Conference on Usable Security (USEC 07)}, 
	TITLE = {Low-cost Manufacturing, Usability, and Security: An Analysis of Bluetooth Simple Pairing and Wi-Fi Protected Setup}, 
	YEAR = {2007}, 
	PAGES = {325-340}
}